% =======================
% Conference
% =======================
@article{Neural,
AUTHOR    = "AMINIAN, M.; AMINIAN, F,",
TITLE     = "{Neural network based analog circuit fault diagnosis using wavelet transform as preprocessor}",
BOOKTITLE = "IEEE",
PAGES     = "151–156",
YEAR      = 2000
}

@article{MTCARLO2008:02,
AUTHOR    = "AMINIAN F., AMINIAN M., COLLINS H.W.",
TITLE     = "{Analog fault diagnosis of actual circuits using neural
networks}",
BOOKTITLE = "IEEE Trans. Instrum. Meas.",
MONTH     = "July",
PAGES     = "544–550",
YEAR      = 2002
}

@article{SHENFUZZY,
AUTHOR 		= "BANDLER J. W., SALAMA A. E.", 
TITLE 		= "{Fault Diagnosis of Analog Circuits.}", 
BOOKTITLE = "Proceedings of the IEEE",
MONTH     = "August",
PAGES     = "1279 – 1325,",
YEAR 			= 1985
}

@article{Cbrn2009,
AUTHOR 		= "WITTEN, I. H.; FRANK. E.", 
TITLE 		= "{Data Mining: Practical Machine Learning Tools and Techniques}", 
BOOKTITLE = "Morgan Kaufmann", 
ADDRESS   = "San Francisco, USA",
MONTH     = "June",
YEAR 	= 2005
}

@article{BANDLER,
AUTHOR 		= "BANDLER, J. W., SALAMA, A. E", 
YEAR 	= 1985
}

@article{FENTON,
AUTHOR 		= "FENTON, ET. AL", 
YEAR 	= 2001
}

@article{MetaQuotes,
AUTHOR 		= "Santos, E. M.", 
TITLE 		= "{Teoria e Aplicação de Support Vector Machines à
Aprendizagem e Reconhecimento de Objetos
Baseado na Aparência}", 
BOOKTITLE = "Universidade Federal da Paraíba",
MONTH     = "August",
YEAR 			= 2002
}

@article{Vanpick,
AUTHOR 		= "Barabino, N., Pallavicini, M., et al", 
TITLE 		= "{Support vector machines
vs multi-layer perceptrons in particle identification}", 
BOOKTITLE = "Proceedings of European Symposium
on Artificial Neural Network",
MONTH     = "August",
YEAR 	= 1999
}

@article{WEBER,
AUTHOR 		= "WEBER, T.S.", 
YEAR 	= 2002
}

@article{LUO,
AUTHOR 		= "LUO, H., ET. AL", 
YEAR 	= 2012
}

@article{DUHAMEL,
AUTHOR 		= "DUHAMEL, P., RAULT, J.", 
YEAR 	= 1979
}

@article{MANDERS,
AUTHOR 		= "MANDERS, E. J., ET. AL., 2000; SILVA, R.", 
YEAR 	= 2012
}




@MISC{santander,
 title   ={Santander Aprendizagem supervisionada},
  url={https://www.santandernegocioseempresas.com.br/detalhe-noticia/aplicacoes-de-aprendizado-de-maquina.html},
 author={Santander},
 urldate={10 jun 2018}, 
 year={2010}
}




@MISC{santander,
 title   ={Santander Aprendizagem supervisionada},
  url={https://www.santandernegocioseempresas.com.br/detalhe-noticia/aplicacoes-de-aprendizado-de-maquina.html},
 author={Santander},
 urldate={10 jun 2018}, 
 year={2010}
}




@misc{naosuper,
 title   ={Aprendizagem não supervisionada},
 url     ={http://home.isr.uc.pt/~paulo/PROJ/NN95/node31.html},
 organization={scikit},
 urlaccessdate={10 jun 2018}
}


@article{lombardi,
AUTHOR 		= "LOMBARDI, Alvaro.", 
TITLE 		= "{Detecção de falhas em circuitos eletrônicos lineares
baseada em classificadores de classe única}", 
ADDRESS   = "Universidade do Estado do Rio de Janeiro, Rio de Janeiro,",
YEAR 	= 2011
}

@article{Clayton,
AUTHOR 		= "Moraes, Clayton R. A.", 
TITLE 		= "{Detecção de falhas em circuitos eletrônicos através de Comitê de classificadores de classe única utilizando técnicas de redução de dimensão e representações de dissimilaridade}", 
ADDRESS   = "Universidade do Estado do Rio de Janeiro, Rio de Janeiro,",
YEAR 	= 2017
}

@article{amaral,
AUTHOR 		= "AMARAL, J. L.", 
TITLE 		= "{Fault Detection in Analog Circuits Using a Fuzzy Dendritic Cell Algorithm}", 
ADDRESS   = "International Conference on Artificial Immune Systems, Springer",
YEAR 	= 2011
}


@article{ALBUSTANI,
AUTHOR 		= "ALBUSTANI, H.", 
TITLE 		= "{Modelling methods for testability analysis of analog integrated circuits based on pole-zero analysis}", 
ADDRESS   = "P.hD Thesis, Fakultät für Ingenieurwissenschafte Elektrotechnik und Informationstechnik Universität Duisburg-Essen",
YEAR 	= 2004
}

@article{DUHAMEL,
AUTHOR 		= "DUHAMEL, P., RAULT, J", 
TITLE 		= "{Automatic test generation techniques for analog circuits and systems: A review}", 
ADDRESS   = "IEEE transactions on Circuits and Systems 26(7), 411-440",
YEAR 	= 1979
}






@misc{skicit,
 title   ={Biblioteca Scikit Learn},
 url     ={http://scikit-learn.org/stable/modules/sgd.html},
 author={scikit},
 urlaccessdate={10 jun 2018}
}


@misc{nuno,
 title   ={A collection of Python Tools to automate LTSpice Simulations},
 url     ={https://www.nunobrum.com/},
 author={nunobrum},
 urlaccessdate={10 jun 2018},
 year={2017}
}


@misc{IASC,
 title   ={Aprendizado Não-Supervisionado com k-means usando Python},
 url     ={https://iascblog.wordpress.com/2017/05/08/aprendizado-nao-supervisionado-com-k-means-usando-python/},
 organization={IASC},
 urlaccessdate={10 jun 2018}
}

@misc{Spice,
 title   ={Tutorial Spice},
 url     ={http://www.politecnica.pucrs.br/~vargas/Disciplinas/Microeletronica-EE(4458G-04)/HSpice-WEB/Manuais/Tutorial\%20HSPICE\%20(Marlon).pdf},
 author={PUCRS},
 urlaccessdate={12 jun 2018}, 
 YEAR={2014}
}

@misc{tutopy,
 title   ={Tutorial Python},
 url     ={https://wiki.python.org.br/PerguntasFrequentes/SobrePython},
 organization={python software foundation},
 urlaccessdate={20 jun 2018}
}
@misc{pythonmap,
 title   ={Python Map},
 url     ={https://ericstk.wordpress.com/2014/09/30/python-powered-coisas-que-python-pode-fazer-e-voce-nao-sabia/,
 organization={python software foundation},
 urlaccessdate={20 jun 2018}
}
@misc{numpy,
 title   ={Numpy},
 url     ={http://pyscience-brasil.wikidot.com/module:numpy},
 urlaccessdate={20 jun 2018}
}

@misc{pandas,
 title   ={Aplicações de pandas na ciência de dados},
 url     ={http://minerandodados.com.br/index.php/2017/09/26/python-para-analise-de-dados/},
 urlaccessdate={20 jun 2018}
}

@misc{pychamr,
 title   ={IDE Pycharm},
 url     ={https://www.jetbrains.com/pycharm/},
 urlaccessdate={20 jun 2018}
}

@misc{LTSpice,
 title   ={Descrição LTSpice},
 url     ={http://www.analog.com/en/design-center/design-tools-and-calculators/ltspice-simulator.html},
 AUTHOR={analog.com},
 urlaccessdate={12 jun 2018}, 
 YEAR={1999}
}




@misc{timeSerial,
 title   ={Biblioteca para analise temporal},
url     ={https://github.com/octavian-h/time-series-math},
 author={Octavian H.},
 urlaccessdate={09 jun 2018}, 
 YEAR={2013}
 
}

@misc{piece,
 title   ={numpy piecewise},
 url     ={https://docs.scipy.org/doc/numpy/reference/generated/numpy.piecewise.html},
 organization={SciPy},
 urlaccessdate={15 jun 2018}
}

@misc{paa,
 title   ={Piecewise Aggregate Approximation of time series},
 url     ={https://jmotif.github.io/sax-vsm_site/morea/algorithm/PAA.html},
 organization={SciPy},
 urlaccessdate={15 jun 2018}
}
@misc{pca,
 title   ={Implementação do PCA com Scikit-learn},
 url     ={http://scikit-learn.org/stable/modules/generated/sklearn.decomposition.PCA.html},
 author={SciPy},
 urlaccessdate={15 jun 2018}, 
 year={2013}
}

@misc{aprendizagem,
 title   ={Aprendizagem de Maquina: Supervisionada ou Não Supervisionada},
 url     ={https://medium.com/opensanca/aprendizagem-de-maquina-supervisionada-ou-n\%C3\%A3o-supervisionada-7d01f78cd80a},
 author={Opensanca},
 urldate={15 jun 2018},
 year={2016}
}


@misc{arvored,
 title   ={Árvore de decisão},
 url     ={http://www.decom.ufop.br/menotti/paa111/files/PCC104-111-ars-11.1-JulianaMoreiraBarbosa.pdf},
 author={UFOP},
 urldate={15 ago 2018},
 year={2017}
}

@misc{AdaBoost,
 title   ={Classificador Adaboost},
 url     ={https://tcc.ecomp.poli.br/20112/TCC_20112_DeboraNascimento.pdf},
 author={Nascimento, D.},
 urldate={10 ago 2018},
 year={2013}
}

@misc{Floresta,
 title   ={Aprendendo em uma Floresta Aleatória},
 url    ={https://medium.com/machina-sapiens/o-algoritmo-da-floresta-aleat\%C3\%B3ria-3545f6babdf8f},
 author={Costa da Silva, J},
 urldate={10 ago 2018},
 year={2013}
}

@misc{Bayes,
 title   ={Primeiros passos como Bayes},
 url={https://arbital.com/p/bayes_frequency_diagram/?l=55z&pathId=15010},
 author={arbital},
 urldate={14 ago 2018},
 year={2017}
}


@misc{Bayes2,
 title   ={NaiveBayes Tutorial},
 url={https://scikit-learn.org/stable/modules/generated/sklearn.naive_bayes.GaussianNB.html#sklearn.naive_bayes.GaussianNB},
 author={sklearn},
 urldate={14 ago 2018},
 year={2014}
}

@misc{knn,
 title   ={K vizinhos},
 url={http://www.computacaointeligente.com.br/algoritmos/knn-k-vizinhos-mais-proximos/},
 author={sklearn},
 urldate={14 ago 2018},
 year={2013}
}


@misc{gradiente,
 title   ={Aprendizado com a descida do gradiente},
 url={http://deeplearningbook.com.br/aprendizado-com-a-descida-do-gradiente},
 author={deeplearningbook},
 urldate={07 ago 2018},
 year={2016}
}




@article{logistica,
AUTHOR 		= "Agresti, Alan", 
TITLE 		= "{Categorical Data Analysis}", 
ADDRESS   = "New York: Wiley-Interscience. ISBN 0-471-36093-7",
YEAR 	= 2002
}
















@book{dft:04,
AUTHOR 		= "Dennis E. and Yunyue Zhu", 
TITLE 		= "{Techniques and Case Studies}", 
BOOKTITLE = "High Performance Discovery In Time Series:",
MONTH     = "August",
PAGES     = "145 – 147,",
YEAR 			= 2004
}
@misc{selecao,
 title   ={SELEÇÃO E EXTRAÇÃO
DE ATRIBUTOS},
 url     ={http://www.facom.ufu.br/~backes/pgc204/Aula10-SelecaoAtributos.pdf},
 AUTHOR={UFU},
 urlaccessdate={18 jun 2018}
 YEAR={2018}
}

